@book{William,
    title = {Organización y arquitectura de computadores},
    author = {William Stallings},
    isbn = {8489660824},
    series = {},
    year = {2006},
    publisher = {Pearson Education},
    keywords = {}
}

@online{online,
    author = "María Estela Raffino",
    title = "Memoria RAM",
    url  = "https://concepto.de/memoria-ram/",
    addendum = "(11.07.2020)",
    keywords = ""
}


@book{Augusto,
    title = {Taller memoria},
    author = {Augusto Salazar},
    isbn = {},
    series = {},
    year = {},
    publisher = {},
    keywords = {}
}